@article{aptiv,
    author = "Aptiv",
    date = {2020-06-04},
    year = 2020,
    journal = "Mobility Insider",
    title = "What Is Over-the-Air (OTA)?",
    url = {https://www.aptiv.com/en/insights/article/what-is-over-the-air-(ota)}
}

@article{eu:cra:update,
    author = "Baptiste Chatain",
    date = {2024-03-12},
    title = "Cyber Resilience Act: MEPs adopt plans to boost security of digital products",
    journal = "European Parliament",
    url = {https://www.europarl.europa.eu/news/en/press-room/20240308IPR18991/cyber-resilience-act-meps-adopt-plans-to-boost-security-of-digital-products}
}

@misc{eu:cra,
    author = "European Commission",
    title = "EU Cyber Resilience Act",
    year = 2023,
    month = Dec,
    howpublished = {\url{https://digital-strategy.ec.europa.eu/en/policies/cyber-resilience-act}}
}

@misc{gh:i2c,
    author = {Friedrich Vandenberghe and Lin Clark and Jef Schilling},
    title = "WASI I2C",
    howpublished = {\url{https://github.com/WebAssembly/wasi-i2c}}
}

@misc{gh:iwc, 
    author = "Friedrich Vandenberghe",
    title = "i2c-wasm-components",
    howpublished = {\url{https://github.com/Zelzahn/i2c-wasm-components}}
}

@misc{gh:hts221,
    author = "Daniel Gallagher",
    title = "hts221",
    howpublished = {\url{https://github.com/danielgallagher0/hts221}}
}

@misc{gh:hts221-fork,
    author = "Friedrich Vandenberghe",
    title = "hts221",
    howpublished = {\url{https://github.com/Zelzahn/hts221}}
}

@misc{lld, 
    author        = "Embedded Rust Working Group",
    title = "PSA: Cortex-M Breakage (LLD as the default linker)",
    year = 2018,
    month = Aug,
    howpublished = {\url{https://blog.rust-embedded.org/2018-08-2x-psa-cortex-m-breakage/}}
}

@misc{gh:wrs:error,
    author = "Friedrich Vandenberghe",
    title = "Compiling wamr-sys for thumbv6m-none-eabi fails",
    year = 2024,
    month = Apr,
    howpublished = {\url{https://github.com/bytecodealliance/wamr-rust-sdk/issues/30}}
}
